@article{o2015introduction,
  title={An introduction to convolutional neural networks},
  author={O'Shea, K},
  journal={arXiv preprint arXiv:1511.08458},
  year={2015}
}

@book{bishop2006pattern,
  title={Pattern recognition and machine learning},
  author={Bishop, Christopher M and Nasrabadi, Nasser M},
  volume={4},
  number={4},
  year={2006},
  publisher={Springer}
}